@inproceedings{sentiws,
	author = "Remus, Robert and Quasthoff, Uwe and Heyer, Gerhard",
	title = "SentiWS -- a Publicly Available German-language Resource for Sentiment Analysis",
	booktitle = "Proceedings of the 7th International Language Resources and Evaluation (LREC'10)",
	year = 2010,
	pages = "1168--1171",
}
